@ARTICLE{Maz,
       author = {{Mazuir}, Thibaut},
       title = "{Introduction to algebraic operads}",
       year = {2022}, 
       note = {\url{http://www.normalesup.org/~mazuir/files/lecturenotes-6.pdf}},
}

@ARTICLE{sinha2010homology,
      title={The homology of the little disks operad}, 
      author={Dev Sinha},
      year={2010},
      eprint={math/0610236},
      archivePrefix={arXiv},
      primaryClass={math.AT}
}

@book{cohen2006string,
  title={String topology and cyclic homology},
  author={Cohen, Ralph L and Hess, Kathryn and Voronov, Alexander A},
  year={2006},
  publisher={Springer Science \& Business Media}
}

@article{salvatore2003framed,
  title={Framed discs operads and Batalin--Vilkovisky algebras},
  author={Salvatore, Paolo and Wahl, Nathalie},
  journal={Quarterly Journal of Mathematics},
  volume={54},
  number={2},
  pages={213--231},
  year={2003},
  publisher={OUP}
}

@article{cohen2002homotopy,
  title={A homotopy theoretic realization of string topology},
  author={Cohen, Ralph L and Jones, John DS},
  journal={Mathematische Annalen},
  volume={324},
  pages={773--798},
  year={2002},
  publisher={Springer}
}

@misc{sinha2004manifold,
      title={Manifold theoretic compactifications of configuration spaces}, 
      author={Dev Sinha},
      year={2004},
      eprint={math/0306385},
      archivePrefix={arXiv},
      primaryClass={math.GT}
}

@article{arnold2014cohomology,
  title={The cohomology ring of the colored braid group},
  author={Arnold, Vladimir I and Arnold, Vladimir I},
  journal={Vladimir I. Arnold-Collected Works: Hydrodynamics, Bifurcation Theory, and Algebraic Geometry 1965-1972},
  pages={183--186},
  year={2014},
  publisher={Springer}
}
