@ARTICLE{Maz,
       author = {{Mazuir}, Thibaut},
       title = "{Introduction to algebraic operads}",
       year = {2022}, 
       note = {\url{http://www.normalesup.org/~mazuir/files/lecturenotes-6.pdf}},
}

@ARTICLE{sinha2010homology,
      title={The homology of the little disks operad}, 
      author={Dev Sinha},
      year={2010},
      eprint={math/0610236},
      archivePrefix={arXiv},
      primaryClass={math.AT}
}

@book{hatcher2002algebraic,
  address = {Cambridge},
  author = {Hatcher, Allen},
  mrreviewer = {Donald W. Kahn},
  publisher = {Cambridge University Press},
  title = {Algebraic topology},
  year = 2002,
  note = {\url{https://pi.math.cornell.edu/~hatcher/AT/AT.pdf}},
}

@book{cohen2006string,
  title={String topology and cyclic homology},
  author={Cohen, Ralph L and Hess, Kathryn and Voronov, Alexander A},
  year={2006},
  publisher={Springer Science \& Business Media}
}

@article{salvatore2003framed,
  title={Framed discs operads and Batalin--Vilkovisky algebras},
  author={Salvatore, Paolo and Wahl, Nathalie},
  journal={Quarterly Journal of Mathematics},
  volume={54},
  number={2},
  pages={213--231},
  year={2003},
  publisher={OUP}
}

@article{cohen2002homotopy,
  title={A homotopy theoretic realization of string topology},
  author={Cohen, Ralph L and Jones, John DS},
  journal={Mathematische Annalen},
  volume={324},
  pages={773--798},
  year={2002},
  publisher={Springer}
}

@article{naef2022string,
  title={String topology in three flavours},
  author={Naef, Florian and Rivera, Manuel and Wahl, Nathalie},
  journal={arXiv preprint arXiv:2203.02429},
  year={2022}
}

@book{felix2012rational,
  title={Rational homotopy theory},
  author={F{\'e}lix, Yves and Halperin, Stephen and Thomas, J-C},
  volume={205},
  year={2012},
  publisher={Springer Science \& Business Media}
}

@article{dwyer1995homotopy,
  title={Homotopy theories and model categories},
  author={Dwyer, William G and Spalinski, Jan},
  journal={Handbook of algebraic topology},
  volume={73},
  number={126},
  pages={1995},
  year={1995}
}

@misc{lurie2017higher,
  title={Higher algebra},
  author={Lurie, Jacob},
  year={2017}
}

@book{lurie2009higher,
  title={Higher topos theory},
  author={Lurie, Jacob},
  year={2009},
  publisher={Princeton University Press}
}

@article{eilenberg1966homology,
  title={Homology and fibrations. I. Coalgebras, cotensor product and its derived functors},
  author={Eilenberg, Samuel and Moore, John C},
  journal={Comment. Math. Helv},
  volume={40},
  pages={199--236},
  year={1966}
}


@article{sinha2004manifold,
  title={Manifold-theoretic compactifications of configuration spaces},
  author={Sinha, Dev P},
  journal={Selecta Mathematica},
  volume={10},
  pages={391--428},
  year={2004},
  publisher={Springer}
}

@article{campos2016model,
  title={A model for configuration spaces of points},
  author={Campos, Ricardo and Willwacher, Thomas},
  journal={arXiv preprint arXiv:1604.02043},
  year={2016}
}

@article{fresse2017homotopy,
  title={Homotopy of operads and Grothendieck-Teichmuller groups},
  author={Fresse, Benoit},
  year={2017},
  publisher={American Mathematical Soc.}
}

@book{lambrechts2014formality,
  title={Formality of the little $ N $-disks operad},
  author={Lambrechts, Pascal and Voli{\'c}, Ismar},
  year={2014},
  publisher={American Mathematical Soc.}
}

@article{arnold2014cohomology,
  title={The cohomology ring of the colored braid group},
  author={Arnold, Vladimir I},
  journal={Vladimir I. Arnold-Collected Works: Hydrodynamics, Bifurcation Theory, and Algebraic Geometry 1965-1972},
  pages={183--186},
  year={2014},
  publisher={Springer}
}

@article{idrissi2021real,
  title={Real homotopy of configuration spaces},
  author={Idrissi, Najib},
  year={2021},
  publisher={Springer}
}

@article{toen2020probl,
  title={Le problème de la schématisation de Grothendieck revisité},
  author={To{\"e}n, Bertrand},
  journal={{\'E}pijournal de G{\'e}om{\'e}trie Alg{\'e}brique},
  volume={4},
  year={2020},
  publisher={Episciences. org}
}


@book{milnor1974characteristic,
  title={Characteristic classes},
  author={Milnor, John Willard and Stasheff, James D},
  number={76},
  year={1974},
  publisher={Princeton university press}
}

@article{hutchings2011cup,
  title={Cup product and intersection},
  author={Hutchings, Michael},
  journal={Course notes. math. berkeley. edu/„hutching/teach/215b-2011/cup. pdf(Cited on page 51.)},
  year={2011}
}

@book{dold2012lectures,
  title={Lectures on algebraic topology},
  author={Dold, Albrecht},
  year={2012},
  publisher={Springer Science \& Business Media}
}


@article{hopkins2005quadratic,
  title={Quadratic functions in geometry, topology, and M-theory},
  author={Hopkins, Michael J and Singer, Isadore M},
  journal={Journal of Differential Geometry},
  volume={70},
  number={3},
  pages={329--452},
  year={2005},
  publisher={Lehigh University}
}

@book{bott1982differential,
  title={Differential forms in algebraic topology},
  author={Bott, Raoul and Tu, Loring W and others},
  volume={82},
  year={1982},
  publisher={Springer}
}

@book{spanier1989algebraic,
  title={Algebraic topology},
  author={Spanier, Edwin Henry},
  year={1989},
  publisher={Springer Science \& Business Media}
}

@article{chen1973iterated,
  title={Iterated integrals of differential forms and loop space homology},
  author={Chen, Kuo-tsai},
  journal={Annals of Mathematics},
  volume={97},
  number={2},
  pages={217--246},
  year={1973},
  publisher={JSTOR}
}

@article{patras2003cochain,
  title={Cochain algebras of mapping spaces and finite group actions},
  author={Patras, Fr{\'e}d{\'e}ric and Thomas, Jean-Claude},
  journal={Topology and its Applications},
  volume={128},
  number={2-3},
  pages={189--207},
  year={2003},
  publisher={Elsevier}
}

@article{hatcher2004spectral,
  title={Spectral sequences},
  author={Hatcher, Allen},
  journal={preprint},
  year={2004}
}

@misc{ramzi_eilenberg,
  title = {The Eilenberg-Moore Spectral Sequence},
  howpublished = {\url{https://drive.google.com/file/d/119Qb1-o9i57jyyX5lmq9lXJBNgWwvR7M/view}},
  note = {Accessed: 2023-11-09}
}


@article{getzler1991differential,
  title={Differential forms on loop spaces and the cyclic bar complex},
  author={Getzler, Ezra and Jones, John DS and Petrack, Scott},
  journal={Topology},
  volume={30},
  number={3},
  pages={339--371},
  year={1991}
}

@incollection{chen1976reduced,
  title={Reduced Bar Constructions on deRham Complexes},
  author={Chen, Kuo-Tsai},
  booktitle={Algebra, Topology, and Category Theory},
  pages={19--32},
  year={1976},
  publisher={Elsevier}
}


@book{may2011more,
  title={More concise algebraic topology: localization, completion, and model categories},
  author={May, J Peter and Ponto, Kate},
  year={2011},
  publisher={University of Chicago Press}
}


@book{dwyer2004homotopy,
  title={Homotopy limit functors on model categories and homotopical categories},
  author={Dwyer, William G},
  number={113},
  year={2004},
  publisher={American Mathematical Soc.}
}

@book{riehl_2014, 
  place={Cambridge}, 
  series={New Mathematical Monographs}, 
  title={Categorical Homotopy Theory}, 
  DOI={10.1017/CBO9781107261457}, 
  publisher={Cambridge University Press}, 
  author={Riehl, Emily}, 
  year={2014}, 
  collection={New Mathematical Monographs}
}

@book{hirschhorn2003model,
  title={Model categories and their localizations},
  author={Hirschhorn, Philip S},
  number={99},
  year={2003},
  publisher={American Mathematical Soc.}
}

@book{quillen2006homotopical,
  title={Homotopical algebra},
  author={Quillen, Daniel G},
  volume={43},
  year={2006},
  publisher={Springer}
}

@misc{strickland2020model,
      title={The model structure for chain complexes}, 
      author={Neil Strickland},
      year={2020},
      eprint={2001.08955},
      archivePrefix={arXiv},
      primaryClass={math.AT}
}

@article{raptis2010homotopy,
  title={Homotopy theory of posets},
  author={Raptis, George},
  year={2010}
}

@article{jf1997closed,
  title={A closed model structure for differential graded algebras},
  author={JF, J},
  journal={Fields Institute Communications},
  volume={17},
  year={1997}
}


@article{chen1977iterated,
  title={Iterated path integrals},
  author={Chen, Kuo-Tsai},
  journal={Bulletin of the American Mathematical Society},
  volume={83},
  number={5},
  pages={831--879},
  year={1977}
}

@misc{lee2003introduction,
  title={Introduction to Smooth Manifolds},
  author={Lee, John M},
  year={2003},
  publisher={Springer}
}

@misc{parkproof,
  title={PROOF OF DE RHAM’S THEOREM},
  author={Park, Peter S},
  howpublished = {\url{https://scholar.harvard.edu/files/pspark/files/derham.pdf}},
}
